<?xml version="1.0" encoding="UTF-8"?><collection xmlns="http://www.loc.gov/MARC21/slim"><record><leader>00339nam--2200133-i-4500</leader><controlfield tag="001">000005542</controlfield><controlfield tag="002">20161230</controlfield><controlfield tag="005">20170219225159</controlfield><controlfield tag="008">060222s1000------------r-----000-0-eng-d</controlfield><datafield ind1=" " ind2=" " tag="245"><subfield code="a">Uranium ore processing</subfield></datafield><datafield ind1=" " ind2=" " tag="260"><subfield code="a">Reading/Mass</subfield><subfield code="b">Addison-Wesley Publ.Co</subfield><subfield code="c">1958</subfield></datafield><datafield ind1=" " ind2=" " tag="300"><subfield code="a">436 p</subfield></datafield><datafield ind1=" " ind2=" " tag="700"><subfield code="a">Foley, Dennis D</subfield></datafield><datafield ind1=" " ind2=" " tag="CAT"><subfield code="a">SYS</subfield><subfield code="c">20170219</subfield><subfield code="h">225159</subfield></datafield></record></collection>